%YAML 1.1
%TAG !u! tag:unity3d.com,2011:
--- !u!1001 &100100000
Prefab:
  m_ObjectHideFlags: 1
  serializedVersion: 2
  m_Modification:
    m_TransformParent: {fileID: 0}
    m_Modifications: []
    m_RemovedComponents: []
  m_ParentPrefab: {fileID: 0}
  m_RootGameObject: {fileID: 1000014247727500}
  m_IsPrefabParent: 1
--- !u!1 &1000011924257112
GameObject:
  m_ObjectHideFlags: 0
  m_PrefabParentObject: {fileID: 0}
  m_PrefabInternal: {fileID: 100100000}
  serializedVersion: 5
  m_Component:
  - component: {fileID: 4000010559604816}
  - component: {fileID: 114000013056214706}
  - component: {fileID: 114683313228879430}
  m_Layer: 0
  m_Name: Weapon_Gunpoint
  m_TagString: Untagged
  m_Icon: {fileID: 0}
  m_NavMeshLayer: 0
  m_StaticEditorFlags: 0
  m_IsActive: 1
--- !u!1 &1000014240598298
GameObject:
  m_ObjectHideFlags: 0
  m_PrefabParentObject: {fileID: 0}
  m_PrefabInternal: {fileID: 100100000}
  serializedVersion: 5
  m_Component:
  - component: {fileID: 4000010370763064}
  - component: {fileID: 33000010861176904}
  - component: {fileID: 23000011046915476}
  m_Layer: 0
  m_Name: Renderer
  m_TagString: Untagged
  m_Icon: {fileID: 0}
  m_NavMeshLayer: 0
  m_StaticEditorFlags: 0
  m_IsActive: 1
--- !u!1 &1000014247727500
GameObject:
  m_ObjectHideFlags: 0
  m_PrefabParentObject: {fileID: 0}
  m_PrefabInternal: {fileID: 100100000}
  serializedVersion: 5
  m_Component:
  - component: {fileID: 4000011671465302}
  - component: {fileID: 114000013855890366}
  - component: {fileID: 114000013236776450}
  - component: {fileID: 114000011116440154}
  - component: {fileID: 114000010075803904}
  - component: {fileID: 54000010467922854}
  - component: {fileID: 65000011362771516}
  m_Layer: 0
  m_Name: Tank_01
  m_TagString: Player
  m_Icon: {fileID: 0}
  m_NavMeshLayer: 0
  m_StaticEditorFlags: 0
  m_IsActive: 1
--- !u!4 &4000010370763064
Transform:
  m_ObjectHideFlags: 1
  m_PrefabParentObject: {fileID: 0}
  m_PrefabInternal: {fileID: 100100000}
  m_GameObject: {fileID: 1000014240598298}
  m_LocalRotation: {x: 0.7071068, y: -0, z: -0, w: -0.7071068}
  m_LocalPosition: {x: 0, y: 0, z: 0}
  m_LocalScale: {x: 1, y: 1, z: 1}
  m_Children: []
  m_Father: {fileID: 4000011671465302}
  m_RootOrder: 0
  m_LocalEulerAnglesHint: {x: 270, y: 0, z: 0}
--- !u!4 &4000010559604816
Transform:
  m_ObjectHideFlags: 1
  m_PrefabParentObject: {fileID: 0}
  m_PrefabInternal: {fileID: 100100000}
  m_GameObject: {fileID: 1000011924257112}
  m_LocalRotation: {x: 0.5, y: 0.5, z: -0.5, w: 0.5}
  m_LocalPosition: {x: -0, y: -0.75, z: -0.39}
  m_LocalScale: {x: 1, y: 1, z: 1}
  m_Children: []
  m_Father: {fileID: 4000011671465302}
  m_RootOrder: 1
  m_LocalEulerAnglesHint: {x: 90, y: 90, z: 0}
--- !u!4 &4000011671465302
Transform:
  m_ObjectHideFlags: 1
  m_PrefabParentObject: {fileID: 0}
  m_PrefabInternal: {fileID: 100100000}
  m_GameObject: {fileID: 1000014247727500}
  m_LocalRotation: {x: 0.00000019861236, y: 0.7071068, z: -0.7071068, w: 0.00000019861236}
  m_LocalPosition: {x: 0, y: 0, z: 0}
  m_LocalScale: {x: 1, y: 1, z: 1}
  m_Children:
  - {fileID: 4000010370763064}
  - {fileID: 4000010559604816}
  m_Father: {fileID: 0}
  m_RootOrder: 0
  m_LocalEulerAnglesHint: {x: 90, y: 0, z: -179.99998}
--- !u!23 &23000011046915476
MeshRenderer:
  m_ObjectHideFlags: 1
  m_PrefabParentObject: {fileID: 0}
  m_PrefabInternal: {fileID: 100100000}
  m_GameObject: {fileID: 1000014240598298}
  m_Enabled: 1
  m_CastShadows: 1
  m_ReceiveShadows: 1
  m_MotionVectors: 1
  m_LightProbeUsage: 1
  m_ReflectionProbeUsage: 1
  m_Materials:
  - {fileID: 2100000, guid: c33e778cf9efbf344b944891eceba47e, type: 2}
  m_StaticBatchInfo:
    firstSubMesh: 0
    subMeshCount: 0
  m_StaticBatchRoot: {fileID: 0}
  m_ProbeAnchor: {fileID: 0}
  m_LightProbeVolumeOverride: {fileID: 0}
  m_ScaleInLightmap: 1
  m_PreserveUVs: 0
  m_IgnoreNormalsForChartDetection: 0
  m_ImportantGI: 0
  m_SelectedEditorRenderState: 3
  m_MinimumChartSize: 4
  m_AutoUVMaxDistance: 0.5
  m_AutoUVMaxAngle: 89
  m_LightmapParameters: {fileID: 0}
  m_SortingLayerID: 0
  m_SortingOrder: 0
--- !u!33 &33000010861176904
MeshFilter:
  m_ObjectHideFlags: 1
  m_PrefabParentObject: {fileID: 0}
  m_PrefabInternal: {fileID: 100100000}
  m_GameObject: {fileID: 1000014240598298}
  m_Mesh: {fileID: 4300000, guid: cb781a1cf597f2f43a5e4c7584348a1c, type: 3}
--- !u!54 &54000010467922854
Rigidbody:
  m_ObjectHideFlags: 1
  m_PrefabParentObject: {fileID: 0}
  m_PrefabInternal: {fileID: 100100000}
  m_GameObject: {fileID: 1000014247727500}
  serializedVersion: 2
  m_Mass: 100
  m_Drag: 0
  m_AngularDrag: 0.05
  m_UseGravity: 1
  m_IsKinematic: 0
  m_Interpolate: 0
  m_Constraints: 52
  m_CollisionDetection: 0
--- !u!65 &65000011362771516
BoxCollider:
  m_ObjectHideFlags: 1
  m_PrefabParentObject: {fileID: 0}
  m_PrefabInternal: {fileID: 100100000}
  m_GameObject: {fileID: 1000014247727500}
  m_Material: {fileID: 0}
  m_IsTrigger: 0
  m_Enabled: 1
  serializedVersion: 2
  m_Size: {x: 0.95, y: 0.95, z: 0.5}
  m_Center: {x: 0, y: 0, z: -0.25}
--- !u!114 &114000010075803904
MonoBehaviour:
  m_ObjectHideFlags: 1
  m_PrefabParentObject: {fileID: 0}
  m_PrefabInternal: {fileID: 100100000}
  m_GameObject: {fileID: 1000014247727500}
  m_Enabled: 1
  m_EditorHideFlags: 0
  m_Script: {fileID: 11500000, guid: 4f619b757ae7fe24a8f17f99a95549d6, type: 3}
  m_Name: 
  m_EditorClassIdentifier: 
  m_Rotations:
    m_Up: {x: 90, y: 0, z: 180}
    m_Down: {x: 90, y: 0, z: 0}
    m_Left: {x: 90, y: 0, z: 270}
    m_Right: {x: 90, y: 0, z: 90}
  m_MovementComponent: {fileID: 114000011116440154}
  m_Weapon: {fileID: 114000013056214706}
--- !u!114 &114000011116440154
MonoBehaviour:
  m_ObjectHideFlags: 1
  m_PrefabParentObject: {fileID: 0}
  m_PrefabInternal: {fileID: 100100000}
  m_GameObject: {fileID: 1000014247727500}
  m_Enabled: 1
  m_EditorHideFlags: 0
  m_Script: {fileID: 11500000, guid: 98663382c0014fe41b3d2428d52ebdc7, type: 3}
  m_Name: 
  m_EditorClassIdentifier: 
  m_FacingDirection: {fileID: 4000010559604816}
  m_Speed: 3
  m_Rigidbody: {fileID: 54000010467922854}
--- !u!114 &114000013056214706
MonoBehaviour:
  m_ObjectHideFlags: 1
  m_PrefabParentObject: {fileID: 0}
  m_PrefabInternal: {fileID: 100100000}
  m_GameObject: {fileID: 1000011924257112}
  m_Enabled: 1
  m_EditorHideFlags: 0
  m_Script: {fileID: 11500000, guid: cd9bbdf509252ff4ebc350141fe0f266, type: 3}
  m_Name: 
  m_EditorClassIdentifier: 
  m_ObjectPool: {fileID: 114683313228879430}
  m_GunPoint: {fileID: 4000010559604816}
  m_ReloadTime: 0.5
  m_Force: 30
--- !u!114 &114000013236776450
MonoBehaviour:
  m_ObjectHideFlags: 1
  m_PrefabParentObject: {fileID: 0}
  m_PrefabInternal: {fileID: 100100000}
  m_GameObject: {fileID: 1000014247727500}
  m_Enabled: 1
  m_EditorHideFlags: 0
  m_Script: {fileID: 11500000, guid: d2e80d6d270e9e947a71a5ef8a56eec5, type: 3}
  m_Name: 
  m_EditorClassIdentifier: 
  m_HealthPoints: 100
  m_DamageCooldownTime: 5
  m_OnHealthPointsEmpty:
    m_PersistentCalls:
      m_Calls:
      - m_Target: {fileID: 1000014247727500}
        m_MethodName: SetActive
        m_Mode: 6
        m_Arguments:
          m_ObjectArgument: {fileID: 0}
          m_ObjectArgumentAssemblyTypeName: UnityEngine.Object, UnityEngine
          m_IntArgument: 0
          m_FloatArgument: 0
          m_StringArgument: 
          m_BoolArgument: 0
        m_CallState: 2
    m_TypeName: KefirBattleCity.HealthSystem.Health+HealthPointsEmpty, Assembly-CSharp,
      Version=0.0.0.0, Culture=neutral, PublicKeyToken=null
--- !u!114 &114000013855890366
MonoBehaviour:
  m_ObjectHideFlags: 1
  m_PrefabParentObject: {fileID: 0}
  m_PrefabInternal: {fileID: 100100000}
  m_GameObject: {fileID: 1000014247727500}
  m_Enabled: 1
  m_EditorHideFlags: 0
  m_Script: {fileID: 11500000, guid: a2c786a7688db86478ebe1833d496380, type: 3}
  m_Name: 
  m_EditorClassIdentifier: 
  OnDirty:
    m_PersistentCalls:
      m_Calls: []
    m_TypeName: UnityEngine.Events.UnityEvent, UnityEngine, Version=0.0.0.0, Culture=neutral,
      PublicKeyToken=null
  m_CellSize: {x: 1, y: 1}
  m_Size:
    x: 1
    y: 1
  m_Pivot: {x: 0.5, y: 0.5, z: 0}
  m_Color: {r: 1, g: 1, b: 1, a: 1}
--- !u!114 &114683313228879430
MonoBehaviour:
  m_ObjectHideFlags: 1
  m_PrefabParentObject: {fileID: 0}
  m_PrefabInternal: {fileID: 100100000}
  m_GameObject: {fileID: 1000011924257112}
  m_Enabled: 1
  m_EditorHideFlags: 0
  m_Script: {fileID: 11500000, guid: ddd81273aef55574a9d6ae768ac00707, type: 3}
  m_Name: 
  m_EditorClassIdentifier: 
  m_ParentForObjects: {fileID: 0}
  m_ObjectPool:
    m_Prefab: {fileID: 114932494124549690, guid: 922c180d1cd906047bf97f46dfaf7352,
      type: 2}
